


@article{kerr2021covasim,
  title={Covasim: an agent-based model of COVID-19 dynamics and interventions},
  author={Kerr, Cliff C and Stuart, Robyn M and Mistry, Dina and Abeysuriya, Romesh G and Rosenfeld, Katherine and Hart, Gregory R and N{\'u}{\~n}ez, Rafael C and Cohen, Jamie A and Selvaraj, Prashanth and Hagedorn, Brittany and others},
  journal={PLOS Computational Biology},
  volume={17},
  number={7},
  pages={e1009149},
  year={2021},
  publisher={Public Library of Science San Francisco, CA USA}
}




@article{gerlee2021predicting,
  title={Predicting regional COVID-19 hospital admissions in Sweden using mobility data},
  author={Gerlee, Philip and Karlsson, Julia and Fritzell, Ingrid and Brezicka, Thomas and Spreco, Armin and Timpka, Toomas and J{\"o}ud, Anna and Lundh, Torbj{\"o}rn},
  journal={Scientific reports},
  volume={11},
  number={1},
  pages={24171},
  year={2021},
  publisher={Nature Publishing Group UK London}
}